<?xml version="1.0" encoding="UTF-8"?><collection xmlns="http://www.loc.gov/MARC21/slim"><record><leader>00353nam--2200121-i-4500</leader><controlfield tag="001">000007383</controlfield><controlfield tag="002">20161230</controlfield><controlfield tag="005">20161230201027</controlfield><controlfield tag="008">060222s1000------------r-----000-0-eng-d</controlfield><datafield ind1=" " ind2=" " tag="100"><subfield code="a">Andrews, Lawrence J.And Keefer, Raymond M</subfield></datafield><datafield ind1=" " ind2=" " tag="245"><subfield code="a">Molecular complexes in organic chemistry</subfield></datafield><datafield ind1=" " ind2=" " tag="260"><subfield code="a">San Francisco, Holden-day, Inc., 1964 Viii + 196 P</subfield></datafield><datafield ind1=" " ind2=" " tag="852"><subfield code="a">22398</subfield></datafield></record></collection>